
@BOOK{mann2008
  ,AUTHOR = "C. D. Manning and P. Raghavan and H. Schutze"
  ,TITLE = "Introduction to Information Retrieval"
  ,PUBLISHER = "Cambridge University Press"
  ,YEAR = "2008"
  ,address = "32 Avenue of the Americas, New York, NY 10013-2473, USA"
  ,entered-by = "Andreas Paepcke"
  ,found-in = "~"
  ,status = "~"
  ,keywords = "TF/IDF"
  ,comments = {~}
  }
                  
